<?xml version="1.0" encoding="UTF-8"?><collection xmlns="http://www.loc.gov/MARC21/slim"><record><leader>00489nam--2200157-i-4500</leader><controlfield tag="001">000026219</controlfield><controlfield tag="002">20161230</controlfield><controlfield tag="005">20161230201036</controlfield><controlfield tag="008">060222s1000------------r-----000-0-eng-d</controlfield><datafield ind1=" " ind2=" " tag="040"><subfield code="a">IFIN-HH</subfield></datafield><datafield ind1="1" ind2=" " tag="100"><subfield code="a">Penrose, Oliver</subfield></datafield><datafield ind1="1" ind2="0" tag="245"><subfield code="a">Foundations of statistical mechanics</subfield><subfield code="b">A deductive treatment</subfield><subfield code="c">Oliver Penrose</subfield></datafield><datafield ind1=" " ind2=" " tag="260"><subfield code="a">Oxford, Pergamon Press, 1970</subfield></datafield><datafield ind1=" " ind2=" " tag="490"><subfield code="a">International Series Of Monographs In Natural Phylosophy</subfield><subfield code="v">Vol. 22</subfield></datafield><datafield ind1=" " ind2=" " tag="852"><subfield code="a">35752</subfield><subfield code="c">531</subfield></datafield><datafield ind1=" " ind2=" " tag="CAT"><subfield code="a">Sys</subfield><subfield code="c">20100624</subfield><subfield code="h">092618</subfield></datafield></record></collection>